1776 2881
461 86 613 154 -206
664 78 959 148 ELEM.
1020 76 1513 145 Eucrnns

465 183 707 270 cunda,
751 188 905 259 ficut
943 188 1123 256 tertia
1158 186 1365 275 major
1390 185 1485 256 est
1508 191 1649 260 --vcl

465 289 677 359 minor
696 308 929 387 quarta.
986 285 1052 355 Si
1088 305 1295 354 autem
1322 309 1420 352 res
1456 284 1557 355 ita
1574 285 1641 356 fe

465 384 692 465 habet,
748 384 949 480 prima
970 382 1195 452 eodem
1237 381 1442 452 modo
1462 407 1637 452 con-
1740 423 1749 428 -

447 483 706 554 -tinebit‘
727 481 1059 570 secundam
1077 527 1099 559 ‚
1136 479 1238 562 vel
1264 479 1310 550 a
1351 477 1626 552 secunda
1652 532 1657 540 -

462 580 922 658 continebitur,
966 603 1094 674 quo
1110 575 1301 648 tertia
1328 578 1623 648 contine·-

429 678 553 748 ·bit
574 700 851 778 quartam
894 678 993 746 vel
1016 676 1051 744 a
1078 697 1291 772 quarta
1322 675 1620 746 contine-

459 775 646 850 bitur.
700 775 901 876 Igitur
934 796 1199 872 quatuor
1236 773 1617 866 quantitates

456 873 748 945 dicuntur
817 871 1321 968 proportionales
1369 916 1390 951 ‚
1460 897 1607 942 cum

455 970 655 1067 prima
695 969 924 1040 eodem
970 969 1173 1039 modo
1209 968 1484 1042 continet
1501 964 1604 1035 se-

455 1069 722 1144 cundam
744 1115 766 1148 ‚
817 1067 919 1136 vel
949 1067 1308 1136 continetur
1328 1065 1360 1132 a
1379 1063 1611 1135 secun-

331 1229 336 1236 .
455 1166 533 1238 da
555 1212 577 1246 ‚
628 1191 758 1265 quo
789 1165 971 1234 tertia
1008 1167 1288 1234 continet
1326 1184 1610 1261 quartam

380 1359 383 1362 ῃ
456 1266 556 1340 vel
585 1261 997 1336 continetura
1024 1284 1251 1360 quarta.
1328 1274 1341 1286 ‘

557 1387 738 1457 Nota
777 1385 935 1467 hanc
969 1381 1413 1454 definitionem
1449 1403 1607 1450 con-

377 1534 383 1539 -
456 1485 672 1555 venire
693 1491 835 1555 tum‘
869 1480 1313 1579 quantitatibus
1334 1478 1611 1549 rationa-

451 1582 648 1661 l-ibus,
687 1603 820 1652 tum
848 1576 1323 1649 irrationalibus.
1366 1581 1606 1673 ‘Super-

453 1677 546 1748 est
579 1698 820 1749 tantum
877 1676 1277 1773 explicandus
1314 1675 1421 1743 ille
1454 1698 1603 1744 nno-—

451 1778 565 1853 dus
589 1774 998 1845 continentiae
1034 1774 1131 1845 vel
1169 1771 1597 1847 contentionis

499 1871 556 1942 ui
579 1871 1034 1943 dicituriderm.
1068 1870 1188 1941 Ille
1218 1891 1426 1943 autem
1448 1894 1595 1940 mo-

449 1899 565 2038 gus
589 1968 812 2039 dicitur
834 1969 1003 2039 idem
1024 1968 1594 2065 dupliciter‚primo

383 2100 387 2107 ·
453 2091 593 2135 cum
620 2067 816 2163 prima
836 2066 1141 2163 quantitas
1189 2066 1476 2153 continget
1496 2061 1593 2137 se·-

384 2241 387 2249 ,
451 2164 723 2235 cundam
755 2185 861 2233 aut
898 2158 1592 2249 contineturasecunda

447 2264 636 2333 toties
663 2262 883 2329 exaRe
906 2318 923 2343 ,
967 2260 1209 2356 quoties
1234 2261 1409 2331 tertia
1430 2286 1593 2330 con-

449 2362 605 2458 tinet
641 2366 917 2457 quartam
940 2414 958 2441 ‚
1000 2378 1125 2428 aut·
1152 2359 1511 2429 conti-netur
1552 2360 1591 2431 ἃ

441 2480 660 2625 ἓυαηα
701 2459 917 2527 ex‘aste
949 2496 969 2538 ,-
1024 2455 1111 2535 ita
1146 2479 1211 2527 ut
1253 2456 1419 2527 nulla
1455 2480 1592 2551 pars

469 2558 694 2657 uperfit
718 2582 777 2627 ν.
797 2573 862 2653 g.
888 2552 1054 2625 iinea
1068 2553 1339 2629 duorum
1355 2552 1588 2663 pedqm

453 2686 476 2702 ··
1302 2688 1309 2695 ·
1396 2670 1583 2719 toties
