1776 2881
301 77 604 145 Lumn
649 75 1110 146 TER-nus.
1172 89 1296 168 ης

0 193 8 201 “
53 165 58 170 ⁵
162 190 235 258 G
259 192 356 261 A.
393 213 547 289 ergo
577 190 648 259 G
671 193 760 261 A.
791 186 885 260 est
904 190 1099 282 majus
1119 212 1310 285 quam

167 287 242 357 G
263 288 349 357 C.
421 288 751 382 QED.
894 318 900 322 ·

269 383 462 454 Prob.
511 409 570 453 2.
647 383 1089 455 Latera-EG.
1142 382 1309 451 GF.

168 481 466 581 trianguli
483 482 750 553 EGF.a
769 480 1011 569 majora
1030 476 1167 549 sunt
1187 500 1313 548 ter-
1332 497 1362 563 .²
1400 496 1527 534 τοικ-

168 580 266 649 tio
302 570 368 649 E'
388 583 456 649 F.
499 602 658 681 ergo
681 577 920 667 majora
950 572 1087 645 sunt
1122 576 1315 673 qua‘un
1414 615 1423 621 ·
1472 638 1477 642 .

166 678 340 749 linea
397 680 448 747 F
483 678 560 746 Β.
603 700 743 773 quae
783 672 876 744 est
917 674 1165 772 aequalis
1206 672 1319 770 ipfi
1468 724 1475 730 .

171 777 306 848 FE.
333 799 490 875 ergo
507 772 552 844 fi
571 774 856 845 dematur
871 773 1115 869 utrique
1134 796 1319 843 com-
1408 861 1425 869 -

170 873 386 949 munis
402 874 572 943 resta
598 873 671 942 G
690 876 762 943 F.
779 870 1125 943 remanebit
1146 871 1215 941 G
1234 871 1315 942 E.

13 972 22 983 ’
172 974 377 1065 major
391 996 576 1069 quam
600 971 768 1041 (ΞΒ.
841 976 939 1059 Q
963 970 1041 1039 E.
1066 972 1167 1040 D.

269 1070 461 1142 Prob.
501 1094 560 1161 3.
654 1067 1004 1166 Triangula
1058 1068 1119 1137 C
1142 1070 1191 1137 F
1213 1066 1313 1138 G.

169 1171 242 1239 D
268 1171 318 1238 12
340 1170 435 1241 G.
474 1166 707 1237 habent
727 1168 911 1237 latera
949 1168 997 1236 F
1024 1168 1111 1240 C.
1140 1168 1189 1235 F
1212 1168 1313 1236 D.

171 1266 432 1361 aequalia
457 1271 524 1335 &
551 1268 708 1335 latus
732 1270 782 1336 F
801 1261 899 1337 G.
931 1286 1277 1333 commune
1293 1307 1317 1340 ‚

171 1362 438 1459 angulus
477 1386 630 1432 vero
671 1364 735 1429 C
753 1365 804 1430 F
829 1360 927 1431 G.
990 1360 1193 1450 major
1228 1356 1321 1427 est

173 1459 407 1557 angulo
424 1461 652 1529 DFG.
677 1477 886 1525 totum
908 1465 1079 1550 parte
1094 1482 1118 1521 -:
1169 1477 1324 1550 ergo

173 1559 337 1628 latus
357 1555 516 1623 CG.
535 1555 568 1604 b
588 1554 786 1645 majus
807 1550 927 1618 erit
944 1576 1129 1649 quam
1148 1549 1323 1625 DG.
1339 1540 1373 1593 Β
1403 1560 1477 1610 24·
1494 1559 1530 1601 ¹·

184 1661 468 1821 QProb.
497 1775 571 1844 4.
626 1747 824 1819 Fae-‘to
843 1742 1321 1845 angulo'GFN.

183 1847 404 1946 aequali
442 1848 511 1916 G
531 1851 584 1918 'F
605 1848 686 1917 E.
729 1845 801 1913 G
823 1849 921 1918 N.
944 1846 1014 1914 G
1037 1847 1111 1914 E.
1139 1869 1335 1930 erunt¹

191 1960 218 1994 ⁶
239 1944 531 2044 aequales.
558 1949 728 2016 ·Nec
751 1942 785 2012 ἃ
809 1947 1047 2039 Ρυηᾶο
1065 1945 1161 2018 G.
1183 1946 1315 2018 aliae
1338 1953 1365 1989 ‘²
1394 1956 1443 2038 4?
1462 1950 1505 1990 ¹·
1590 1933 1607 1944 ⁸

25 2069 32 2073 ·
181 2043 329 2114 duci
363 2041 607 2141 possunt
646 2043 914 2154 aequales
940 2041 1103 2138 ·ipsis
1136 2044 1205 2112 G
1228 2046 1326 2134 E„

182 2142 254 2211 G
273 2145 370 2214 N.
392 2161 572 2211 erunt
589 2165 760 2211 emm
785 2137 1027 2237 semper
1054 2143 1320 2240 propio-

177 2264 276 2310 res
315 2241 374 2310 ei
413 2266 556 2339 quae
588 2239 832 2310 ducitur
881 2263 993 2336 per
1026 2259 1315 2316 centrum
1447 2248 1459 2322 j
1514 2255 1570 2324 3⁴

175 2339 280 2411 vel
316 2339 692 2410 remotiores
716 2393 736 2420 ,
773 2343 840 2407 &
868 2333 1322 2434 consequenter
1550 2327 1659 2413 :⁴⁴:ss

175 2436 447 2526 majores
469 2437 568 2529 vel
589 2436 868 2508 minores
890 2480 913 2515 ,
930 2457 1049 2528 ,per
1066 2433 1317 2504 tertiam
1348 2485 1353 2494 -

175 2551 421 2632 partem
443 2534 648 2634 hujus.
703 2533 904 2630 QE.
926 2535 1027 2602 D.

741 2649 802 2719 L
839 2669 923 2755 ‘3
1091 2648 1321 2713 PRO-
